@article{Casement,
    author = "Melynda D. Casement and Leslie M. Swanson",
    title = "A meta-analysis of imagery rehearsal for post-trauma nightmares: Effects on nightmare frequency, sleep quality, and posttraumatic stress",
    journal = "Clinical Psychology Review",
    volume = "32",
    pages = "566-574",
    year = "2012",
    DOI = "https://doi.org/10.1016/j.cpr.2012.06.002",
    keywords = "themes"
}

@article{Davis,
    author = "Joanne L. Davis and Michael de Arellano and Sherry A. Falsetti and Heidi S. Resnick",
    title = "Treatment of Nightmares Related to Post-Traumatic Stress Disorder in an Adolescent Rape Victim",
    journal = "Clinical Case Studies",
    volume = "2",
    number = "4",
    pages = "283-294",
    year = "2003",
    DOI = "https://doi.org/10.1177/1534650103256289",
    keywords = "treatments"
}

@article{Duke,
    author = "Lisa A. Duke and Daniel N. Allen and Patricia D. Rozee and Matthew Bommaritto",
    title = "The sensitivity and specificity of flashbacks and nightmares to trauma",
    journal = "Journal of Anxiety Disorders",
    volume = "22",
    pages = "319-327",
    year = "2008",
    DOI = "https://doi.org/10.1016/j.janxdis.2007.03.002",
    keywords = "themes"
}

@article{KrakowJAMA,
    author = "Barry Krakow and Michael Hollifield and Lisa Johnston and Mary Koss and Ron Schrader and Teddy D. Warner and Dan Tandberg and John Lauriello and Leslie McBride and Lisa Cutchen and Diana Cheng and Shawn Emmons and Anne Germain and Dominic Melendrez and Diane Sandoval and Holly Prince",
    title = "Imagery Rehearsal Therapy for Chronic Nightmares in Sexual Assault Survivors With Posttraumatic Stress Disorder: A Randomized Controlled Trial",
    journal = "The Journal of the American Medical Association",
    volume = "286",
    number = "5",
    pages = "537-545",
    year = "2001",
    DOI = "https://doi.org/10.1001/jama.286.5.537",
    keywords = "IRT"
}

@article{KrakowTS,
    author = "Barry Krakow and Michael Hollifield and Ron Schrader and Mary Koss and Dan Tandberg and John Lauriello and Leslie McBride and Teddy D. Warner and Diana Cheng and Tonya Edmond and Robert Kellner",
    title = "Controlled Study of Imagery Rehearsal for Chronic Nightmares in Sexual Assault Survivors With PTSD: A Preliminary Report",
    journal = "Journal of Traumatic Stress",
    volume = "13",
    number = "4",
    pages = "589-609",
    year = "2000",
    DOI = "https://doi.org/10.1023/a:1007854015481",
    keywords = "IRT"
}

@article{KrakowZadraClinical,
    author = "Barry Krakow and Antonio Zadra",
    title = "Clinical Management of Chronic Nightmares: Imagery Rehearsal Therapy",
    journal = "Behavioral Sleep Medicine",
    volume = "4",
    number = "1",
    pages = "45-70",
    year = "2006",
    DOI = "https://doi.org/10.1207/s15402010bsm0401_4",
    keywords = "IRT"
}

@article{KrakowZadraPP,
    author = "Barry Krakow and Antonio Zadra",
    title = "Image Rehearsal Therapy: Principles and Practice",
    journal = "Sleep Medicine Clinics",
    volume = "5",
    pages = "289-298",
    year = "2010",
    DOI = "https://doi.org/10.1016/j.jsmc.2010.01.004",
    keywords = "IRT"
}

@article{Lee,
    author = "Ruda Lee and Barry Krakow and Sooyeon Suh",
    title = "Psychometric properties of the Disturbing Dream and Nightmare Severity Index-Korean Version",
    journal = "Journal of Clinical Sleep Medicine",
    volume = "17",
    number = "3",
    pages = "471-477",
    year = "2021",
    DOI = "https://doi.org/10.5664/jcsm.8974",
    keywords = "methods"
}

@article{McNamara,
    author = "Patrick McNamara and Kendra Holt Moore and Yiannis Papelis and Saikou Diallo and Wesley J. Wildman",
    title = "Virtual Reality-Enabled Treatment of Nightmares",
    journal = "Dreaming",
    volume = "28",
    number = "3",
    pages = "205-224",
    year = "2018",
    DOI = "https://doi.org/10.1037/drm0000088",
    keywords = "3D"
}

@article{Rizzo,
    author = "Albert 'Skip' Rizzo and Russell Shilling",
    title = "Clinical Virtual Reality tools to advance the prevention, assessment, and treatment of PTSD",
    journal = "European Journal of Psychotraumatology",
    volume = "8",
    number = "1414560",
    pages = "205-224",
    year = "2017",
    DOI = "https://doi.org/10.1080/20008198.2017.1414560",
    keywords = "3D"
}

@online{RAINN,
    author = "RAINN",
    title = "Scope of the problem: Statistics",
    url  = "https://www.rainn.org/statistics/scope-problem",
    addendum = "(accessed: 02.22.2022)",
    keywords = "stats"
}

@online{WHO,
    author = "World Health Organization",
    title = "Violence Against Women",
    url  = "https://www.who.int/news-room/fact-sheets/detail/violence-against-women",
    addendum = "(accessed: 02.22.2022)",
    keywords = "stats"
}

@online{WU,
    author = "Washington University in St. Louis",
    title = "Rape Trauma Syndrome",
    url  = "https://students.wustl.edu/rape-trauma-syndrome/",
    addendum = "(accessed: 02.22.2022)",
    keywords = "stats"
}

@online{BRAVEMIND,
    author = "SoldierStrong",
    title = "Bravemind",
    url  = "https://www.soldierstrong.org/bravemind/",
    addendum = "(accessed: 02.22.2022)",
    keywords = "3D"
}

@online{UPenn,
    author = "Perelman School of Medicine, University of Pennsylvania",
    title = "Disturbing Dreams and Nightmares Scale with scoring (3).pdf",
    url  = "https://www.med.upenn.edu/cbti/assets/user-content/documents/Disturbing\%20Dreams\%20and\%20Nightmares\%20Scale\%20with\%20scoring\%20(3).pdf",
    addendum = "(accessed: 02.22.2022)",
    keywords = "methods"
}

@online{IRTIntake,
    author = "Shannon Stoehr",
    title = "Image Rehearsal Therapy Dreamscapes Intake: Shannon Stoehr CS 464 Final Project (Spring 2022)",
    url  = "https://docs.google.com/forms/d/1WyqCFPjo1SzixPh1G8MTdlNTe5PmUf745ma4dduf26I/edit?usp=sharing",
    addendum = "(accessed: 03.31.2022)",
    keywords = "experiment"
}

@online{IRTDaily,
    author = "Shannon Stoehr",
    title = "Image Rehearsal Therapy Dreamscapes Daily: Shannon Stoehr CS 464 Final Project (Spring 2022)",
    url  = "https://docs.google.com/forms/d/1h-PIsR1NemdJsNgFHG-capH8MP2wUND98rIDODP1-Bc/edit?usp=sharing",
    addendum = "(accessed: 03.31.2022)",
    keywords = "experiment"
}

@online{IRTDailyChange,
    author = "Shannon Stoehr",
    title = "Image Rehearsal Therapy Dreamscapes Daily Change: Shannon Stoehr CS 464 Final Project (Spring 2022)",
    url  = "https://docs.google.com/forms/d/1nmBvDt80RMn5OynPitksQ4VkKyttOD5z8brA2nnKc3A/edit?usp=sharing",
    addendum = "(accessed: 03.31.2022)",
    keywords = "experiment"
}

@online{TTable,
    author = "Grade Calculator",
    title = "T Table - T Distribution Critical Values Table",
    url  = "https://www.gradecalculator.tech/t-table/",
    addendum = "(accessed: 03.31.2022)",
    keywords = "experiment"
}